@Misc{APT,
	title = {Advanced Persistent Threat},
	howpublished = {\url{http://www.usenix. org/event/lisa09/tech/slides/daly.pdf}}
}

@inproceedings{ddos,
  title={Estimating the persistent spreads in high-speed networks},
  author={Xiao, Qingjun and Qiao, Yan and Zhen, Mo and Chen, Shigang},
  booktitle={2014 IEEE 22nd International Conference on Network Protocols},
  pages={131--142},
  year={2014},
  organization={IEEE}
}


@article{binomial,
  title={On the mean and variance of the smaller of two drawings from a binomial population},
  author={Pearson, E. S.},
  journal={Biometrika},
  volume={49},
  number={3/4},
  pages={566-569},
  year={1962},
}

@Misc{bobhash,
	title =        {Hash website},
	howpublished = {\url{http://burtleburtle.net/bob/hash/evahash.html}}
}

@inproceedings{botnet,
  title={Exploiting Temporal Persistence to Detect Covert Botnet Channels},
  author={Giroire, Frederic and Chandrashekar, Jaideep and Taft, Nina and Schooler, Eve and Papagiannaki, Dina},
  booktitle={International Symposium on Recent Advances in Intrusion Detection},
  year={2010},
}

@Misc{caida, 
	title={\text{The caida anonymized 2016 internet traces.}},
	howPublished={\url{http://www.caida.org/data/overview/}}	
}

@inproceedings{click-fraud,
 author = {Immorlica, Nicole and Jain, Kamal and Mahdian, Mohammad and Talwar, Kunal},
 title = {Click Fraud Resistant Methods for Learning Click-through Rates},
 booktitle = {Proceedings of the First International Conference on Internet and Network Economics},
 series = {WINE'05},
 year = {2005},
 location = {Hong Kong, China},
 pages = {34--45},
 numpages = {12},
 publisher = {Springer-Verlag},
 address = {Berlin, Heidelberg},
} 

@inproceedings{cmsketch,
  title={An Improved Data Stream Summary: The Count-Min Sketch and Its Applications},
  author={Cormode, Graham and Muthukrishnan, S.},
  booktitle={Latin American Symposium on Theoretical Informatics},
  year={2004},
}

@inproceedings{countsketch,
  title={Finding frequent items in data streams},
  author={Charikar, Moses and Chen, Kevin and Farach-Colton, Martin},
  booktitle={International Colloquium on Automata, Languages \& Programming},
  year={2002},
}

@article{cusketch,
  title={New Directions in Traffic Measurement and Accounting},
  author={Estan, Cristian and Varghese, George},
  journal={Acm Transactions on Computer Systems},
  volume={21},
  number={3},
  pages={270-313},
  year={2003},
}

@INPROCEEDINGS{cusketchmath, 
author={G. {Bianchi} and K. {Duffy} and D. {Leith} and V. {Shneer}}, 
booktitle={2012 24th International Teletraffic Congress (ITC 24)}, 
title={Modeling conservative updates in multi-hash approximate count sketches}, 
year={2012}, 
pages={1-8},  
month={Sep.},
}

@INPROCEEDINGS{DISPERSE, 
author={H. {Dai} and M. {Li} and A. {Liu}}, 
booktitle={IEEE INFOCOM 2018 - IEEE Conference on Computer Communications}, 
title={Finding Persistent Items in Distributed Datasets}, 
year={2018}, 
volume={}, 
number={}, 
pages={1403-1411}, 
month={April},
}

@inproceedings{failednetwork,
  title={How Healthy are Today’s Enterprise Networks?},
  author={Guha, Saikat and Chandrashekar, Jaideep and Taft, Nina and Papagiannaki, Konstantina},
  booktitle={Acm Sigcomm Conference on Internet Measurement},
  year={2008},
}

@article{fmsketch,
  title={Probabilistic counting algorithms for data base applications},
  author={Flajolet, Philippe and Martin, G. Nigel},
  journal={Journal of Computer \& System Sciences},
  volume={31},
  number={2},
  pages={182-209},
  year={1985},
}

@INPROCEEDINGS{hyperloglog,
    author = {Philippe Flajolet and Éric Fusy and Olivier Gandouet and et al.},
    title = {Hyperloglog: The analysis of a near-optimal cardinality estimation algorithm},
    booktitle = {IN AOFA ’07: PROCEEDINGS OF THE 2007 INTERNATIONAL CONFERENCE ON ANALYSIS OF ALGORITHMS},
    year = {2007}
}

@inproceedings{KLL,
  title={Optimal Quantile Approximation in Streams},
  author={Karnin, Zohar and Lang, Kevin and Liberty, Edo},
  booktitle={Foundations of Computer Science},
  year={2016},
}

@Misc{mycode,
	title = {Source code related to Window Sketch},
	howpublished = {\url{https://github.com/IttSketch/IttSketch}}
}

@Misc{netdat, 
	title={\text{The Network dataset Internet Traces.}},
	howPublished={\url{http://snap.stanford.edu/data/}}	
}

@article{pie,
  title={Finding persistent items in data streams},
  author={Dai, Haipeng and Shahzad, Muhammad and Liu, Alex X. and Zhong, Yuankun},
  journal={Proceedings of the Vldb Endowment},
  volume={10},
  number={4},
  pages={289-300},
  year={2016},
}

@article{portscan,
  title={Practical Automated Detection of Stealthy Portscans},
  author={Staniford, Stuart and Hoagland, James A. and Mcalerney, Joseph M.},
  journal={Journal of Computer Security},
  volume={10},
  number={1-2},
  pages={105-136},
  year={2002},
}

@article{raptorcode,
  title={Raptor Codes},
  author={Shokrollahi, Mohammad Amin and Luby, Michael},
  journal={IEEE Transactions on Information Theory},
  volume={6},
  number={6},
  pages={213-322},
  year={2009},
}

@inproceedings{smallspace,
  title={Space-efficient tracking of persistent items in a massive data stream},
  author={Lahiri, Bibudh and Chandrashekar, Jaideep and Tirthapura, Srikanta},
  booktitle={Acm International Conference on Distributed Event-based Systems},
  year={2011},
}

@inproceedings{spacesaving,
  title={Efficient Computation of Frequent and Top-k Elements in Data Streams},
  author={Metwally, Ahmed and Agrawal, Divyakant and Abbadi, Amr El},
  booktitle={International Conference on Database Theory},
  year={2005},
}

@inproceedings{virtualbitmap,
  title={Bitmap algorithms for counting active flows on high speed links},
  author={Estan, Cristian and Varghese, George and Fisk, Mike},
  booktitle={Acm Sigcomm Conference on Internet Measurement},
  year={2003},
}

@Misc{webdocs, 
	title={Real-Life Transactional Dataset.},
	howPublished={\url{http://fimi.ua.ac.be/data/}}	
}

@article{webpoly,
	title={High-performance benchmarking with Web Polygraph},
	author={Rousskov, Alex and Wessels, Duane},
	journal={Software: Practice and Experience},
	volume={34},
	number={2},
	pages={187--211},
	year={2004},
	publisher={Wiley Online Library}
}

@inproceedings{zipf,
	title = {Applications and explanations of {Zipf}'s law},
	url = {\url{http://dl.acm.org/citation.cfm?id=1603924}},
	booktitle = {\Proc EMNLP-CoNLL},
	publisher = {Association for Computational Linguistics},
	author = {Powers, David MW},
	year = {1998}
}

@article{powerlaw,
	title={Power-law distribution of the world wide web},
	author={Adamic, Lada A and Huberman, Bernardo A},
	journal={science},
	volume={287},
	number={5461},
	pages={2115--2115},
	year={2000},
	publisher={American Association for the Advancement of Science}
}

@inproceedings{asketch,
 author = {Roy, Pratanu and Khan, Arijit and Alonso, Gustavo},
 title = {Augmented Sketch: Faster and More Accurate Stream Processing},
 booktitle = {Proceedings of the 2016 International Conference on Management of Data},
 series = {SIGMOD '16},
 year = {2016},
 location = {San Francisco, California, USA},
 pages = {1449--1463},
 numpages = {15},
 publisher = {ACM},
 address = {New York, NY, USA},
} 


@inproceedings{IBF,
  title={Invertible bloom lookup tables},
  author={Goodrich, Michael T. and Mitzenmacher, Michael},
  booktitle={Communication, Control, \& Computing},
  year={2012},
}

@article{bloomfilter, 
author={B.Bloom}, 
title={Space/Time Tradeoffs in Hash Coding with Allowable Errors}, 
journal={Communications of the ACM},
  pages={422--426},
  year={1970},
}

@article{RFM,
  title={A stochastic RFM model},
  author={Colombo, Richard and Jiang, Weina},
  journal={Journal of Interactive Marketing},
  volume={13},
  number={3},
  pages={2--12},
  year={1999},
  publisher={Wiley Online Library}
}

@inproceedings{ColdFilter,
  title={Cold filter: A meta-framework for faster and more accurate stream processing},
  author={Zhou, Yang and Yang, Tong and Jiang, Jie and Cui, Bin and Yu, Minlan and Li, Xiaoming and Uhlig, Steve},
  booktitle={Proceedings of the 2018 International Conference on Management of Data},
  pages={741--756},
  year={2018},
  organization={ACM}
}

@inproceedings{ElasticSketch,
  title={Elastic sketch: Adaptive and fast network-wide measurements},
  author={Yang, Tong and Jiang, Jie and Liu, Peng and Huang, Qun and Gong, Junzhi and Zhou, Yang and Miao, Rui and Li, Xiaoming and Uhlig, Steve},
  booktitle={Proceedings of the 2018 Conference of the ACM Special Interest Group on Data Communication},
  pages={561--575},
  year={2018},
  organization={ACM}
}

@inproceedings{Heavyguardian,
  title={Heavyguardian: Separate and guard hot items in data streams},
  author={Yang, Tong and Gong, Junzhi and Zhang, Haowei and Zou, Lei and Shi, Lei and Li, Xiaoming},
  booktitle={Proceedings of the 24th ACM SIGKDD International Conference on Knowledge Discovery \& Data Mining},
  pages={2584--2593},
  year={2018},
  organization={ACM}
}
